@ARTICLE{gd, 
author={P. Baldi}, 
journal={IEEE Transactions on Neural Networks}, 
title={Gradient descent learning algorithm overview: a general dynamical systems perspective}, 
year={1995}, 
volume={6}, 
number={1}, 
pages={182-195}, 
keywords={learning (artificial intelligence);neural nets;variational techniques;adjoint methods;backpropagation,;complexity;fixed point/trajectory learning;forward architecture;general dynamical systems perspective;gradient descent learning algorithm;neural networks;recurrent architecture;trajectory learning;variational calculus;Backpropagation algorithms;Biological neural networks;Biological systems;Calculus;Context modeling;Hebbian theory;Joining processes;Neurons;Organisms;Propulsion}, 
doi={10.1109/72.363438}, 
ISSN={1045-9227}, 
month={Jan},}



@INPROCEEDINGS{ gdm, 
author={M. Riedmiller and H. Braun}, 
booktitle={IEEE International Conference on Neural Networks}, 
title={A direct adaptive method for faster backpropagation learning: the RPROP algorithm}, 
year={1993}, 
volume={}, 
number={}, 
pages={586-591 vol.1}, 
keywords={adaptive systems;backpropagation;feedforward neural nets;RPROP algorithm;direct adaptive method;error function;faster backpropagation learning;gradient decent type;multilayer feedforward networks;neural nets;weight-updates;Acceleration;Backpropagation algorithms;Computer networks;Convergence;Feedforward systems;Neurons;Supervised learning;Writing}, 
doi={10.1109/ICNN.1993.298623}, 
ISSN={}, 
month={},}


@article{lm,
author = {Donald W. Marquardt},
title = {An Algorithm for Least-Squares Estimation of Nonlinear Parameters},
journal = {Journal of the Society for Industrial and Applied Mathematics},
volume = {11},
number = {2},
pages = {431-441},
year = {1963},
doi = {10.1137/0111030},
URL = { https://doi.org/10.1137/0111030},
eprint = { 
        https://doi.org/10.1137/0111030},}



@misc{ mgd,
 author = {MATLAB},
 title={Gradient Descend Back Propagation Algorithm},
url ={https://www.mathworks.com/help/nnet/ref/traingd.html},
 note={Date last accessed 15-oct-2017},
 }

@misc{mgdm,
  author = {MATLAB},
 title={Resilient Back Propagation Algorithm},
url ={https://www.mathworks.com/help/nnet/ref/trainrp.html},
 note={Date last accessed 15-oct-2017},
 }


@misc{mlm,
 author = {MATLAB},
 title={Levenberg-Marquardt Algorithm},
url ={https://www.mathworks.com/help/nnet/ref/trainlm.html},
 note={Date last accessed 15-oct-2017},
 }





@misc{ bpm,
 author = { Matlab},
 title={Multilayer Neural Networks and Back Propagation},
url ={https://www.mathworks.com/help/nnet/ug/multilayer-neural-networks-and-backpropagation-training.html},
 note={(Date last accessed 15-oct-2017)},
 }
@misc{twister,
    author = {Archana Jagannatam},
    title = {Mersenne Twister $\-$ A Pseudo Random Number Generator and its Variants},
    year = {2017},
}

@misc{rng,
 author = {MATLAB},
 title={Control random number generation},
url ={https://www.mathworks.com/help/matlab/ref/rng.html?searchHighlight=rng&s_tid=doc_srchtitle},
 note={Date last accessed 15-oct-2017},
 }

@misc{ol,
 author = {Hugo Larochelle},
 title={ Back Propagation},
 url ={https://www.youtube.com/watch?v=_KoWTD8T45Q&list=PL6Xpj9I5qXYEcOhn7TqghAJ6NAPrNmUBH&index=13},
 note={Date last accessed 15-oct-2017},
 }

